% BibTeX bibliography file

@InProceedings{AntoyHanus02FLOPS,
  author = {Antoy, S. and Hanus, M.},
  title = {Functional Logic Design Patterns},
  booktitle = {Proc.\ of the 6th International Symposium on Functional and
  Logic Programming (FLOPS 2002)},
  year = {2002},
  pages = {67-87},
  publisher = {Springer LNCS 2441}
}

@Article{AntoyHanus10CACM,
  author = {Antoy, S. and Hanus, M.},
  title = {Functional Logic Programming},
  journal = {Communications of the ACM},
  year = {2010},
  volume = {53},
  number = {4},
  pages = {74-85}
}

@InProceedings{AntoyHanus11WFLP,
  author = {Antoy, S. and Hanus, M.},
  title = {New Functional Logic Design Patterns},
  booktitle = {Proc.\ of the 20th International Workshop on Functional and
  (Constraint) Logic Programming (WFLP 2011)},
  year = {2011},
  pages = {19-34},
  publisher = {Springer LNCS 6816}
}

@InProceedings{BrasselHanusMueller08PADL,
  author = {Bra{\ss}el, B. and Hanus, M. and M{\"u}ller, M.},
  title = {High-Level Database Programming in {Curry}},
  booktitle = {Proc. of the Tenth International Symposium on Practical Aspects
  of Declarative Languages (PADL'08)},
  year = {2008},
  pages = {316-332},
  publisher = {Springer LNCS 4902}
}

@InProceedings{CaballeroLopez99,
  author = {Caballero, R. and L{\'o}pez-Fraguas, F.J.},
  title = {A Functional-Logic Perspective of Parsing},
  booktitle = {Proc. 4th Fuji International Symposium on Functional and Logic
  Programming (FLOPS'99)},
  year = {1999},
  pages = {85-99},
  publisher = {Springer LNCS 1722}
}

@InProceedings{Fischer05,
  author = {Fischer, S.},
  title = {A Functional Logic Database Library},
  booktitle = {Proc. of the ACM SIGPLAN 2005 Workshop on Curry and Functional
  Logic Programming (WCFLP 2005)},
  year = {2005},
  pages = {54-59},
  publisher = {ACM Press}
}

@InProceedings{Hanus00PADL,
  author = {Hanus, M.},
  title = {A Functional Logic Programming Approach to Graphical User
  Interfaces},
  booktitle = {International Workshop on Practical Aspects of Declarative
  Languages (PADL'00)},
  year = {2000},
  pages = {47-62},
  publisher = {Springer LNCS 1753}
}

@InProceedings{Hanus01PADL,
  author = {Hanus, M.},
  title = {High-Level Server Side Web Scripting in {Curry}},
  booktitle = {Proc.\ of the Third International Symposium on Practical Aspects
  of Declarative Languages (PADL'01)},
  year = {2001},
  pages = {76-92},
  publisher = {Springer LNCS 1990}
}

@InProceedings{Hanus06PPDP,
  author = {Hanus, M.},
  title = {Type-Oriented Construction of Web User Interfaces},
  booktitle = {Proceedings of the 8th ACM SIGPLAN International Conference on
  Principles and Practice of Declarative Programming (PPDP'06)},
  year = {2006},
  pages = {27-38},
  publisher = {ACM Press}
}

@InProceedings{Hanus07ICLP,
  author = {Hanus, M.},
  title = {Multi-paradigm Declarative Languages},
  booktitle = {Proceedings of the International Conference on Logic Programming
  (ICLP 2007)},
  year = {2007},
  pages = {45-75},
  publisher = {Springer LNCS 4670}
}

@InProceedings{Hanus97DPLE,
  author = {Hanus, M.},
  title = {Teaching Functional and Logic Programming with a Single Computation
  Model},
  booktitle = {Proc.\ Ninth International Symposium on Programming Languages,
  Implementations, Logics, and Programs (PLILP'97)},
  year = {1997},
  pages = {335-350},
  publisher = {Springer LNCS 1292}
}

@InProceedings{HanusKoschnicke10PADL,
  author = {Hanus, M. and Koschnicke, S.},
  title = {An {ER-based} Framework for Declarative Web Programming},
  booktitle = {Proc. of the 12th International Symposium on Practical Aspects
  of Declarative Languages (PADL 2010)},
  year = {2010},
  pages = {201-216},
  publisher = {Springer LNCS 5937}
}

@Book{Lloyd87,
  author = {Lloyd, J.W.},
  title = {Foundations of Logic Programming},
  year = {1987},
  publisher = {Springer, second, extended edition}
}

